@misc{dummy,
  note = {Entrada ficticia para evitar advertencias}
}
